<?xml version="1.0" encoding="UTF-8"?>
  <record xmlns="http://www.loc.gov/MARC21/slim" type="Authority">
    <leader>00000nz  a2200000nc 4500</leader>
    <controlfield tag="001">100961401</controlfield>
    <controlfield tag="003">DE-101</controlfield>
    <controlfield tag="005">20210326074349.0</controlfield>
    <controlfield tag="008">910104n||aznnnaabn           | aaa    |c</controlfield>
    <datafield tag="024" ind1="7" ind2=" ">
      <subfield code="a">100961401</subfield>
      <subfield code="0">http://d-nb.info/gnd/100961401</subfield>
      <subfield code="2">gnd</subfield>
    </datafield>
    <datafield tag="035" ind1=" " ind2=" ">
      <subfield code="a">(DE-101)100961401</subfield>
    </datafield>
    <datafield tag="035" ind1=" " ind2=" ">
      <subfield code="a">(DE-588)100961401</subfield>
    </datafield>
    <datafield tag="035" ind1=" " ind2=" ">
      <subfield code="z">(DE-588)1122846924</subfield>
    </datafield>
    <datafield tag="035" ind1=" " ind2=" ">
      <subfield code="z">(DE-588)1089652992</subfield>
    </datafield>
    <datafield tag="035" ind1=" " ind2=" ">
      <subfield code="z">(DE-588a)100961401</subfield>
      <subfield code="9">v:zg</subfield>
    </datafield>
    <datafield tag="040" ind1=" " ind2=" ">
      <subfield code="a">DE-12</subfield>
      <subfield code="c">DE-12</subfield>
      <subfield code="9">r:DE-12</subfield>
      <subfield code="b">ger</subfield>
      <subfield code="d">8999</subfield>
      <subfield code="e">rda</subfield>
    </datafield>
    <datafield tag="042" ind1=" " ind2=" ">
      <subfield code="a">gnd1</subfield>
    </datafield>
    <datafield tag="043" ind1=" " ind2=" ">
      <subfield code="c">XA-IT</subfield>
    </datafield>
    <datafield tag="075" ind1=" " ind2=" ">
      <subfield code="b">p</subfield>
      <subfield code="2">gndgen</subfield>
    </datafield>
    <datafield tag="075" ind1=" " ind2=" ">
      <subfield code="b">piz</subfield>
      <subfield code="2">gndspec</subfield>
    </datafield>
    <datafield tag="079" ind1=" " ind2=" ">
      <subfield code="a">g</subfield>
      <subfield code="q">f</subfield>
      <subfield code="q">n</subfield>
    </datafield>
    <datafield tag="100" ind1="0" ind2=" ">
      <subfield code="a">Stephan</subfield>
      <subfield code="b">III.</subfield>
      <subfield code="c">Papst</subfield>
      <subfield code="d">-772</subfield>
    </datafield>
    <datafield tag="375" ind1=" " ind2=" ">
      <subfield code="a">1</subfield>
      <subfield code="2">iso5218</subfield>
    </datafield>
    <datafield tag="400" ind1="0" ind2=" ">
      <subfield code="a">Stephanus</subfield>
      <subfield code="b">III.</subfield>
      <subfield code="c">Papa</subfield>
      <subfield code="d">-772</subfield>
    </datafield>
    <datafield tag="400" ind1="0" ind2=" ">
      <subfield code="a">Etienne</subfield>
      <subfield code="b">III.</subfield>
      <subfield code="c">Pape</subfield>
      <subfield code="d">-772</subfield>
    </datafield>
    <datafield tag="400" ind1="0" ind2=" ">
      <subfield code="a">Stefano</subfield>
      <subfield code="b">III.</subfield>
      <subfield code="c">Papa</subfield>
      <subfield code="d">-772</subfield>
    </datafield>
    <datafield tag="400" ind1="0" ind2=" ">
      <subfield code="a">Stephen</subfield>
      <subfield code="b">III.</subfield>
      <subfield code="c">Pope</subfield>
      <subfield code="d">-772</subfield>
    </datafield>
    <datafield tag="400" ind1="0" ind2=" ">
      <subfield code="9">L:fre</subfield>
      <subfield code="a">Stephanus</subfield>
      <subfield code="b">III.</subfield>
      <subfield code="c">Pape</subfield>
      <subfield code="d">-772</subfield>
      <subfield code="5">CH-GND</subfield>
    </datafield>
    <datafield tag="400" ind1="0" ind2=" ">
      <subfield code="9">L:eng</subfield>
      <subfield code="a">Stephanus</subfield>
      <subfield code="b">III.</subfield>
      <subfield code="c">Pope</subfield>
      <subfield code="d">-772</subfield>
      <subfield code="5">CH-GND</subfield>
    </datafield>
    <datafield tag="400" ind1="0" ind2=" ">
      <subfield code="a">Stephan</subfield>
      <subfield code="b">III.</subfield>
      <subfield code="c">Pape</subfield>
      <subfield code="d">-772</subfield>
    </datafield>
    <datafield tag="400" ind1="0" ind2=" ">
      <subfield code="a">Stephan</subfield>
      <subfield code="b">III.</subfield>
      <subfield code="c">Pope</subfield>
      <subfield code="d">-772</subfield>
    </datafield>
    <datafield tag="400" ind1="0" ind2=" ">
      <subfield code="a">Etienne</subfield>
      <subfield code="b">III.</subfield>
      <subfield code="c">Papst</subfield>
      <subfield code="d">-772</subfield>
    </datafield>
    <datafield tag="400" ind1="0" ind2=" ">
      <subfield code="a">Etienne</subfield>
      <subfield code="b">III.</subfield>
      <subfield code="c">Pope</subfield>
      <subfield code="d">-772</subfield>
    </datafield>
    <datafield tag="400" ind1="0" ind2=" ">
      <subfield code="a">Stefano</subfield>
      <subfield code="b">III.</subfield>
      <subfield code="c">Papst</subfield>
      <subfield code="d">-772</subfield>
    </datafield>
    <datafield tag="400" ind1="0" ind2=" ">
      <subfield code="a">Stefano</subfield>
      <subfield code="b">III.</subfield>
      <subfield code="c">Pape</subfield>
      <subfield code="d">-772</subfield>
    </datafield>
    <datafield tag="400" ind1="0" ind2=" ">
      <subfield code="a">Stefano</subfield>
      <subfield code="b">III.</subfield>
      <subfield code="c">Pope</subfield>
      <subfield code="d">-772</subfield>
    </datafield>
    <datafield tag="400" ind1="0" ind2=" ">
      <subfield code="a">Stephen</subfield>
      <subfield code="b">III.</subfield>
      <subfield code="c">Papst</subfield>
      <subfield code="d">-772</subfield>
    </datafield>
    <datafield tag="400" ind1="0" ind2=" ">
      <subfield code="a">Stephen</subfield>
      <subfield code="b">III.</subfield>
      <subfield code="c">Pape</subfield>
      <subfield code="d">-772</subfield>
    </datafield>
    <datafield tag="548" ind1=" " ind2=" ">
      <subfield code="a">-772</subfield>
      <subfield code="4">datl</subfield>
      <subfield code="4">https://d-nb.info/standards/elementset/gnd#dateOfDeath</subfield>
      <subfield code="w">r</subfield>
      <subfield code="i">Lebensdaten</subfield>
    </datafield>
    <datafield tag="548" ind1=" " ind2=" ">
      <subfield code="a">-24.01.772</subfield>
      <subfield code="4">datx</subfield>
      <subfield code="4">https://d-nb.info/standards/elementset/gnd#dateOfDeath</subfield>
      <subfield code="w">r</subfield>
      <subfield code="i">Exakte Lebensdaten</subfield>
    </datafield>
    <datafield tag="550" ind1=" " ind2=" ">
      <subfield code="0">(DE-101)040445615</subfield>
      <subfield code="0">(DE-588)4044561-6</subfield>
      <subfield code="0">https://d-nb.info/gnd/4044561-6</subfield>
      <subfield code="a">Papst</subfield>
      <subfield code="4">berc</subfield>
      <subfield code="4">https://d-nb.info/standards/elementset/gnd#professionOrOccupation</subfield>
      <subfield code="w">r</subfield>
      <subfield code="i">Charakteristischer Beruf</subfield>
    </datafield>
    <datafield tag="551" ind1=" " ind2=" ">
      <subfield code="0">(DE-101)040551938</subfield>
      <subfield code="0">(DE-588)4055193-3</subfield>
      <subfield code="0">https://d-nb.info/gnd/4055193-3</subfield>
      <subfield code="a">Sizilien</subfield>
      <subfield code="4">ortg</subfield>
      <subfield code="4">https://d-nb.info/standards/elementset/gnd#placeOfBirth</subfield>
      <subfield code="w">r</subfield>
      <subfield code="i">Geburtsort</subfield>
    </datafield>
    <datafield tag="670" ind1=" " ind2=" ">
      <subfield code="a">Brockhaus online</subfield>
      <subfield code="b">Stand: 26.03.2021</subfield>
      <subfield code="u">https://brockhaus-1de-10082b6vj00bf.emedia1.bsb-muenchen.de/ecs/enzy/article/stephan-stephan-iii-iv</subfield>
    </datafield>
    <datafield tag="670" ind1=" " ind2=" ">
      <subfield code="a">Wikipedia</subfield>
      <subfield code="b">Stand: 26.03.2021</subfield>
      <subfield code="u">https://de.wikipedia.org/w/index.php?title=Stephan_III._(Papst)&amp;oldid=189758172</subfield>
    </datafield>
    <datafield tag="678" ind1=" " ind2=" ">
      <subfield code="b">Papst 768-772</subfield>
    </datafield>
    <datafield tag="913" ind1=" " ind2=" ">
      <subfield code="S">pnd</subfield>
      <subfield code="i">5</subfield>
      <subfield code="a">Stephanus &lt;Papa, III.&gt;</subfield>
      <subfield code="0">(DE-588a)100961401</subfield>
    </datafield>
  </record>
